@ARTICLE{our,
author={M. Molina-Moreno and I. Gonz\'alez-D\'iaz and J. Sicilia and G. Crainiciuc and M. Palomino-Segura and A. Hidalgo and F. D\'iaz-de-Mar\'ia},
journal={Medical Image Analysis},
title={{ACME}: Automatic feature extraction for Cell Migration Examination through intravital
microscopy imaging},
year={2021},
volume={},
number={},
pages={},
doi={},
ISSN={},
month={}}

@ARTICLE{phagosight,
    author = {Henry, Katherine M. AND Pase, Luke AND Ramos-Lopez, Carlos Fernando AND Lieschke, Graham J. AND Renshaw, Stephen A. AND Reyes-Aldasoro, Constantino Carlos},
    journal = {PLOS ONE},
    publisher = {Public Library of Science},
    title = {PhagoSight: An Open-Source {MATLAB} Package for the Analysis of Fluorescent Neutrophil and Macrophage Migration in a Zebrafish Model},
    year = {2013},
    month = {08},
    volume = {8},
    url = {https://doi.org/10.1371/journal.pone.0072636},
    pages = {1-11},
    number = {8},
    doi = {10.1371/journal.pone.0072636}
}

@MISC{phagocode,
year = 2019,
author={Reyes-Aldasoro, Constantino Carlos},
title = {PhagoSight},
howpublished = {\url{https://github.com/phagosight/phagosight}},
urldate = {04-01-2021}
}

@ARTICLE{nature,
author={G. Crainiciuc and M. Palomino-Segura and M. Molina-Moreno and J. Sicilia and others},
journal={Nature},
title={Behavioral immune landscapes of inflammation},
year={2021},
volume={},
number={},
pages={},
doi={},
ISSN={},
month={}}

@INPROCEEDINGS{3dunet,
author="{\c{C}}i{\c{c}}ek, {\"O}zg{\"u}n
and Abdulkadir, Ahmed
and Lienkamp, Soeren S.
and Brox, Thomas
and Ronneberger, Olaf",
title="3D U-Net: Learning Dense Volumetric Segmentation from Sparse Annotation",
booktitle="Medical Image Computing and Computer-Assisted Intervention -- MICCAI 2016",
year="2016",
publisher="Springer International Publishing",
address="Cham",
pages="424--432",
isbn="978-3-319-46723-8"
}
@misc{natsort,
url = {https://www.mathworks.com/matlabcentral/fileexchange/47434-natural-order-filename-sort},
title = {Natural-Order Filename Sort},
author = {Codelbick, Stephen},
year = {2021}
} 
@ARTICLE{fiji,
author={Schindelin, J and Arganda-Carreras, I. and Frise, E. et al.},
title={Fiji: an open-source platform for biological-image analysis},
journal={Nature Methods},
volume={9},
pages= {676-682}, 
year={2012},
doi={10.1038/nmeth.2019}}

@misc{mdt,
url = {https://github.com/MIC-DKFZ/medicaldetectiontoolkit},
title = {Medical Detection Toolkit},
author = {German Cancer Research Center ({DKFZ}), Division of Medical Image Computing ({MIC})},
year = {2018}
} 
